@inproceedings{ref:predicting_player_churn,
  author    = {Fabian Hadiji and
               Rafet Sifa and
               Anders Drachen and
               Christian Thurau and
               Kristian Kersting and
               Christian Bauckhage},
  title     = {Predicting player churn in the wild},
  booktitle = {2014 {IEEE} Conference on Computational Intelligence and Games, {CIG}
               2014, Dortmund, Germany, August 26-29, 2014},
  pages     = {1--8},
  year      = {2014},
  url       = {http://dx.doi.org/10.1109/CIG.2014.6932876},
  doi       = {10.1109/CIG.2014.6932876},
  timestamp = {Tue, 28 Oct 2014 13:23:44 +0100},
  biburl    = {http://dblp.uni-trier.de/rec/bib/conf/cig/HadijiSDTKB14},
  bibsource = {dblp computer science bibliography, http://dblp.org}
}

@inproceedings{ref:player_clustering_wow,
  author    = {Anders Drachen and
               Christian Thurau and
               Rafet Sifa and
               Christian Bauckhage},
  title     = {A comparison of methods for player clustering via behavioral telemetry},
  booktitle = {International Conference on the Foundations of Digital Games, Chania,
               Crete, Greece, May 14-17, 2013.},
  pages     = {245--252},
  year      = {2013},
  url       = {http://www.fdg2013.org/program/papers/paper32_drachen_etal.pdf},
  timestamp = {Mon, 10 Mar 2014 17:13:08 +0100},
  biburl    = {http://dblp.uni-trier.de/rec/bib/conf/fdg/DrachenTSB13},
  bibsource = {dblp computer science bibliography, http://dblp.org}
}

@inproceedings{ref:how_players_lose_interest,
  author    = {Christian Bauckhage and
               Kristian Kersting and
               Rafet Sifa and
               Christian Thurau and
               Anders Drachen and
               Alessandro Canossa},
  title     = {How players lose interest in playing a game: An empirical study based
               on distributions of total playing times},
  booktitle = {2012 {IEEE} Conference on Computational Intelligence and Games, {CIG}
               2012, Granada, Spain, September 11-14, 2012},
  pages     = {139--146},
  year      = {2012},
  url       = {http://dx.doi.org/10.1109/CIG.2012.6374148},
  doi       = {10.1109/CIG.2012.6374148},
  timestamp = {Tue, 11 Dec 2012 12:32:39 +0100},
  biburl    = {http://dblp.uni-trier.de/rec/bib/conf/cig/BauckhageKSTDC12},
  bibsource = {dblp computer science bibliography, http://dblp.org}
}






